@article{dehoff2015site,
  title={Site specific control of crystallographic grain orientation through electron beam additive manufacturing},
  author={Dehoff, Ryan R and Kirka, MM and Sames, WJ and Bilheux, H and Tremsin, AS and Lowe, LE and Babu, SS},
  journal={Materials Science and Technology},
  volume={31},
  number={8},
  pages={931--938},
  year={2015},
  publisher={Taylor \& Francis}
}

